
@misc{tiobe,
  title = {TIOBE Index for March 2014},
  howpublished = {\url{http://www.tiobe.com/index.php/content/paperinfo/tpci/index.html}},
  note = {Accessed: 2014-09-03}
}

@inproceedings{logozzo2010rata,
  title={RATA: rapid atomic type analysis by abstract interpretation--application to javascript optimization},
  author={Logozzo, Francesco and Venter, Herman},
  booktitle={Compiler Construction},
  pages={66--83},
  year={2010},
  organization={Springer}
}

@inproceedings{jovanovic2006pixy,
  title={Pixy: A static analysis tool for detecting web application vulnerabilities},
  author={Jovanovic, Nenad and Kruegel, Christopher and Kirda, Engin},
  booktitle={Security and Privacy, 2006 IEEE Symposium on},
  pages={6--pp},
  year={2006},
  organization={IEEE}
}

@article{ellis2008impact,
  title={The Impact of Business Requirements on the Success of Technology Projects},
  author={Ellis, Keith},
  journal={Benchmark, IAG Consulting},
  year={2008}
}

@article{hauzarhunting,
  title={Hunting Bugs Inside Web Applications},
  author={Hauzar, David and Kofron, Jan}
}

@phdthesis{madsen2007ecstatic,
  title={Ecstatic--type inference for Ruby using the cartesian product algorithm},
  author={Madsen, Martin and S{\o}rensen, Peter and Kristensen, Kristian},
  year={2007},
  school={Master Thesis, Jun}
}

@techreport{kneuss2010using,
  title={On Using Static Analysis to Detect Type Errors in PHP Applications},
  author={Kneuss, Etienne and Suter, Philippe and Kuncak, Viktor},
  year={2010}
}